<record xmlns="http://www.loc.gov/MARC21/slim" xmlns:xsi="http://www.w3.org/2001/XMLSchema-instance" xsi:schemaLocation="http://www.loc.gov/MARC21/slim http://www.loc.gov/standards/marcxml/schema/MARC21slim.xsd"><leader>00815cz   2200229n  4500</leader><controlfield tag="001">oca00802573 </controlfield><controlfield tag="003">OCoLC</controlfield><controlfield tag="005">20050922172240.0</controlfield><controlfield tag="008">821009n| acannaab           |a aaa      </controlfield><datafield ind1=" " ind2=" " tag="010"><subfield code="a">n  82106049 </subfield></datafield><datafield ind1=" " ind2=" " tag="040"><subfield code="a">DLC</subfield><subfield code="c">DLC</subfield><subfield code="d">DLC</subfield></datafield><datafield ind1="0" ind2=" " tag="100"><subfield code="a">Gorgias,</subfield><subfield code="c">of Leontini</subfield></datafield><datafield ind1="0" ind2=" " tag="400"><subfield code="a">Gorgias,</subfield><subfield code="c">aus Leontini</subfield></datafield><datafield ind1="0" ind2=" " tag="400"><subfield code="a">Gorgias,</subfield><subfield code="c">von Leontini</subfield></datafield><datafield ind1="0" ind2=" " tag="400"><subfield code="a">Gorgia,</subfield><subfield code="c">di Leontini</subfield></datafield><datafield ind1="0" ind2=" " tag="400"><subfield code="a">Gorgia,</subfield><subfield code="c">di Lentini</subfield></datafield><datafield ind1="0" ind2=" " tag="400"><subfield code="a">Gorgiasz</subfield></datafield><datafield ind1=" " ind2=" " tag="670"><subfield code="a">Hamberger, P. Die rednerische Disposition in der alten ... 1914.</subfield></datafield><datafield ind1=" " ind2=" " tag="670"><subfield code="a">Mazzara, G. Gorgia ontologo e metafisico, c1982:</subfield><subfield code="b">t.p. (Gorgia)</subfield></datafield><datafield ind1=" " ind2=" " tag="670"><subfield code="a">Bibl. naz. it.</subfield><subfield code="b">(Gorgia, di Lentini)</subfield></datafield><datafield ind1=" " ind2=" " tag="670"><subfield code="a">Grande encic. Vallardi</subfield><subfield code="b">(Gorgia, di Leontini (Lentini))</subfield></datafield><datafield ind1=" " ind2=" " tag="670"><subfield code="a">Wróblewski, W. Pojęcie arete w II połowie V wieku p.n.e. ... 1979:</subfield><subfield code="b">t.p. (Gorgiasz)</subfield></datafield></record>